<?xml version="1.0" encoding="UTF-8"?><collection xmlns="http://www.loc.gov/MARC21/slim"><record><leader>00438nam--2200133-i-4500</leader><controlfield tag="001">000002344</controlfield><controlfield tag="002">20161230</controlfield><controlfield tag="005">20161230201025</controlfield><controlfield tag="008">060222s1000------------r-----000-0-eng-d</controlfield><datafield ind1=" " ind2=" " tag="080"><subfield code="a">530.1</subfield></datafield><datafield ind1=" " ind2=" " tag="100"><subfield code="a">Fetzer,Albert</subfield></datafield><datafield ind1=" " ind2=" " tag="245"><subfield code="a">Grundzuge einer spektraltheorie des maxwell operators und anwendungen auf das rand - und anfangswertproblem der zeitabhangigem maxwellschen gleichungen</subfield></datafield><datafield ind1=" " ind2=" " tag="260"><subfield code="a">Berlin, Universitat, 1968. 68p</subfield></datafield><datafield ind1=" " ind2=" " tag="852"><subfield code="a">31554</subfield></datafield></record></collection>